@book{2016机器学习,
  title={机器学习},
  isbn={9787302423287},
  url={https://books.google.com/books?id=j0G8nQAACAAJ},
  year={2016},
  publisher={清华大学出版社}
}
